<?xml version="1.0" encoding="UTF-8"?><collection xmlns="http://www.loc.gov/MARC21/slim"><record><leader>00276nam--2200109-i-4500</leader><controlfield tag="001">000004572</controlfield><controlfield tag="002">20161230</controlfield><controlfield tag="005">20161230201026</controlfield><controlfield tag="008">060222s1000------------r-----000-0-eng-d</controlfield><datafield ind1=" " ind2=" " tag="245"><subfield code="a">Atom for peace</subfield></datafield><datafield ind1=" " ind2=" " tag="260"><subfield code="a">Moscow, Oriental Liter. Publ. House, 1958 206 P. Cu Figuri</subfield></datafield><datafield ind1=" " ind2=" " tag="852"><subfield code="a">6062</subfield></datafield></record></collection>